@misc{IAB22,
  title = {{IAB workshop on Environmental Impact of Internet Applications and Systems}},
  howpublished = "\url{https://www.iab.org/activities/workshops/e-impact/}",
  year = {2022}, 
  note = "[Online; accessed 2-October-2023]"
}

@inproceedings{Cook21,
  author    = {Cook, Michael},
  title     = {{The Social Responsibility of Game AI}},
  year      = 2021,
  publisher = {IEEE Press},
  booktitle = {2021 IEEE Conference on Games (CoG)},
  pages     = {1–8}
}

@book{WMD16,
  author = {O'Neil, Cathy},
  title = {Weapons of Math Destruction: How Big Data Increases Inequality and Threatens Democracy},
  year = {2016},
  publisher = {Crown Publishing Group},
  isbn         = {978-0553418815},
}

@misc{Chiodo23,
  title        = {{Manifesto for the Responsible Development of Mathematical
                  Works -- A Tool for Practitioners and for Management}},
  author       = {Maurice Chiodo and Dennis Müller},
  year         = {2023},
  eprint       = {2306.09131},
  archivePrefix= {arXiv},
  primaryClass = {math.HO},
  doi          = {10.48550/arXiv.2306.09131},
}

@misc{MoocEthics,
  title = {{Ethics \& STICs: scientific
integrity, research ethics \& information ethics for ICTs}},
  howpublished = "\url{https:
//www.fun-mooc.fr/en/courses/ethics-stics/}",
  year = {2023}, 
  note = "[Online; accessed 2-October-2023]"
}

@inproceedings{bell2023_fairness,
  author       = {Andrew Bell and Lucius Bynum and Nazarii Drushchak and
                  Tetiana Zakharchenko and Lucas Rosenblatt and Julia
                  Stoyanovich},
  title        = {{The Possibility of Fairness: Revisiting the Impossibility
                  Theorem in Practice}},
  booktitle    = {2023 ACM Conference on Fairness, Accountability, and
                  Transparency},
  year         = 2023,
  doi          = {10.1145/3593013.3594007},
  url          = {http://dx.doi.org/10.1145/3593013.3594007},
  month        = 6,
}

@inproceedings{karan2023_differential_pricing,
  author       = {Aditya Karan and Naina Balepur and Hari Sundaram},
  title        = {{Your Browsing History May Cost You: A Framework for
                  Discovering Differential Pricing in Non-Transparent
                  Markets}},
  booktitle    = {2023 ACM Conference on Fairness, Accountability, and
                  Transparency},
  year         = 2023,
  doi          = {10.1145/3593013.3594038},
  url          = {http://dx.doi.org/10.1145/3593013.3594038},
  month        = 6,
}

@inproceedings{lucaj2023_ai_regulation,
  author       = {Laura Lucaj and Patrick van der Smagt and Djalel Benbouzid},
  title        = {{AI Regulation Is (not) All You Need}},
  booktitle    = {2023 ACM Conference on Fairness, Accountability, and
                  Transparency},
  year         = 2023,
  doi          = {10.1145/3593013.3594079},
  url          = {http://dx.doi.org/10.1145/3593013.3594079},
  month        = 6,
}

@inproceedings{rao2023_facebook_discrimination,
  author       = {Varun Nagaraj Rao and Aleksandra Korolova},
  title        = {{Discrimination through Image Selection by Job Advertisers
                  on Facebook}},
  booktitle    = {2023 ACM Conference on Fairness, Accountability, and
                  Transparency},
  year         = 2023,
  doi          = {10.1145/3593013.3594115},
  url          = {http://dx.doi.org/10.1145/3593013.3594115},
  month        = 6,
}
